 @inbook{Edelsbrunner_Harer_2022, title={Computational topology: An introduction}, publisher={American Mathematical Society}, author={Edelsbrunner, Herbert and Harer, John L.}, year={2022}, month=jan, pages={52â€“56} }